<record><leader>00000cas a22000007a 4500</leader><controlfield tag="001">12704277</controlfield><controlfield tag="008">851022d18811884pauwr ne      0    0eng d</controlfield><datafield ind1=" " ind2=" " tag="010"><subfield code="a">sn 85055243 </subfield></datafield><datafield ind1=" " ind2=" " tag="040"><subfield code="a">NPH</subfield><subfield code="b">eng</subfield><subfield code="c">NPH</subfield><subfield code="d">OCLCQ</subfield></datafield><datafield ind1=" " ind2=" " tag="042"><subfield code="a">msc</subfield></datafield><datafield ind1="0" ind2="0" tag="245"><subfield code="a">Taggarts' Philadelphia Sunday times.</subfield></datafield><datafield ind1="1" ind2="7" tag="246"><subfield code="a">Philadelphia Sunday times</subfield></datafield><datafield ind1="1" ind2="7" tag="246"><subfield code="a">Sunday times</subfield></datafield><datafield ind1=" " ind2=" " tag="260"><subfield code="a">Philadelphia [Pa.] :</subfield><subfield code="b">John H. Taggart &amp; Son,</subfield><subfield code="c">1881-1884.</subfield></datafield><datafield ind1=" " ind2=" " tag="300"><subfield code="a">4 v. :</subfield><subfield code="b">ill. ;</subfield><subfield code="c">71 cm.</subfield></datafield><datafield ind1=" " ind2=" " tag="310"><subfield code="a">Weekly</subfield></datafield><datafield ind1="0" ind2=" " tag="362"><subfield code="a">18th year, no. 44 (Sept. 25, 1881)-21st yr., no. 52 (Nov. 16, 1884).</subfield></datafield><datafield ind1=" " ind2=" " tag="752"><subfield code="a">United States</subfield><subfield code="b">Pennsylvania</subfield><subfield code="c">Philadelphia</subfield><subfield code="d">Philadelphia.</subfield></datafield><datafield ind1="0" ind2="0" tag="780"><subfield code="t">Philadelphia Sunday times</subfield><subfield code="w">(OCoLC)12704222</subfield></datafield><datafield ind1="0" ind2="0" tag="785"><subfield code="t">Taggarts' Sunday times (Philadelphia, Pa. : 1884)</subfield><subfield code="w">(OCoLC)12704333</subfield></datafield></record>